@ARTICLE{Suter2006,
  author = {R. M. Suter and D. Hennessy and C. Xiao and U. Lienert},
  title = {Forward modeling method for microstructure reconstruction using x-ray
	diffraction microscopy: Single-crystal verification},
  journal = {Review of Scientific Instruments},
  year = {2006},
  volume = {77},
  pages = {123905},
  number = {12},
  eid = {123905},
  doi = {10.1063/1.2400017},
  keywords = {crystal microstructure; X-ray diffraction; X-ray microscopy; silicon;
	elemental semiconductors; crystal orientation; semiconductor thin
	films; image reconstruction},
  numpages = {12},
  owner = {sfli},
  publisher = {AIP},
  timestamp = {2011.04.26},
  url = {http://link.aip.org/link/?RSI/77/123905/1}
}


@ARTICLE{Lebensohn2001,
  author = {R. A. Lebensohn},
  title = {N-site modeling of a 3D viscoplastic polycrystal using Fast Fourier
	Transform},
  journal = {Acta Materialia},
  year = {2001},
  volume = {49},
  pages = {2723 - 2737},
  number = {14},
  doi = {DOI: 10.1016/S1359-6454(01)00172-0},
  issn = {1359-6454},
  keywords = {Theory & modeling},
  owner = {sfli},
  timestamp = {2011.04.27},
  url = {http://www.sciencedirect.com/science/article/B6TW8-43GH861-D/2/db6c020bb767e99f93a8801b46da1c86}
}


@article{Moulinec199869,
title = "A numerical method for computing the overall response of nonlinear composites with complex microstructure",
journal = "Computer Methods in Applied Mechanics and Engineering",
volume = "157",
pages = "69 - 94",
year = "1998",
note = "",
issn = "0045-7825",
doi = "10.1016/S0045-7825(97)00218-1",
url = "http://www.sciencedirect.com/science/article/pii/S0045782597002181",
author = "H. Moulinec and P. Suquet"
}

@article{Lebensohn_2008, title={Orientation image-based micromechanical modelling of subgrain texture evolution in polycrystalline copper}, volume={56}, url={http://linkinghub.elsevier.com/retrieve/pii/S1359645408002887}, number={15}, journal={Acta Materialia}, publisher={PERGAMON-ELSEVIER SCIENCE LTD}, author={Lebensohn, Ricardo A and Brenner, Renald and Castelnau, Olivier and Rollett, Anthony D}, year={2008}, pages={3914--3926}}



